@misc{cryptoeprint:2019/1043,
      author = {Eli Biham and Lior Neumann},
      title = {Breaking the Bluetooth Pairing â€“ The Fixed Coordinate Invalid Curve Attack},
      howpublished = {Cryptology {ePrint} Archive, Paper 2019/1043},
      year = {2019},
      url = {https://eprint.iacr.org/2019/1043}
}

@misc{cryptoeprint:2024/1265,
      author = {Daniel J. Bernstein and Tanja Lange},
      title = {Safe curves for elliptic-curve cryptography},
      howpublished = {Cryptology {ePrint} Archive, Paper 2024/1265},
      year = {2024},
      url = {https://eprint.iacr.org/2024/1265}
}

@inproceedings{FLRV08,
  author = {Fouque, P.-A. and Lercier, R. and R{\'e}al, D. and Valette,
                  F.},
  title = {{Fault Attack on Elliptic Curve with Montgomery Ladder
                  Implementation}},
  booktitle = {FDTC '08. 5th Workshop on Fault Diagnosis and Tolerance in
                  Cryptography},
  pages = {92--98},
  month = aug,
  year = 2008,
  publisher = {IEEE-CS Press},
}

@InProceedings{BMM00,
author="Biehl, Ingrid
and Meyer, Bernd
and M{\"u}ller, Volker",
editor="Bellare, Mihir",
title="Differential Fault Attacks on Elliptic Curve Cryptosystems",
booktitle="Advances in Cryptology --- CRYPTO 2000",
year="2000",
publisher="Springer Berlin Heidelberg",
address="Berlin, Heidelberg",
pages="131--146",
isbn="978-3-540-44598-2"
}

@misc{NT15,
      author = {Samuel Neves and Mehdi Tibouchi},
      title = {Degenerate Curve Attacks},
      howpublished = {Cryptology {ePrint} Archive, Paper 2015/1233},
      year = {2015},
      url = {https://eprint.iacr.org/2015/1233}
}
