@misc{cryptoeprint:2019/1043,
      author = {Eli Biham and Lior Neumann},
      title = {Breaking the Bluetooth Pairing – The Fixed Coordinate Invalid Curve Attack},
      howpublished = {Cryptology {ePrint} Archive, Paper 2019/1043},
      year = {2019},
      url = {https://eprint.iacr.org/2019/1043}
}

@misc{cryptoeprint:2024/1265,
      author = {Daniel J. Bernstein and Tanja Lange},
      title = {Safe curves for elliptic-curve cryptography},
      howpublished = {Cryptology {ePrint} Archive, Paper 2024/1265},
      year = {2024},
      url = {https://eprint.iacr.org/2024/1265}
}

@inproceedings{FLRV08,
  author = {Fouque, P.-A. and Lercier, R. and R{\'e}al, D. and Valette,
                  F.},
  title = {{Fault Attack on Elliptic Curve with Montgomery Ladder
                  Implementation}},
  booktitle = {FDTC '08. 5th Workshop on Fault Diagnosis and Tolerance in
                  Cryptography},
  pages = {92--98},
  month = aug,
  year = 2008,
  publisher = {IEEE-CS Press},
}

@InProceedings{BMM00,
author="Biehl, Ingrid
and Meyer, Bernd
and M{\"u}ller, Volker",
editor="Bellare, Mihir",
title="Differential Fault Attacks on Elliptic Curve Cryptosystems",
booktitle="Advances in Cryptology --- CRYPTO 2000",
year="2000",
publisher="Springer Berlin Heidelberg",
address="Berlin, Heidelberg",
pages="131--146",
isbn="978-3-540-44598-2"
}

@misc{NT15,
      author = {Samuel Neves and Mehdi Tibouchi},
      title = {Degenerate Curve Attacks},
      howpublished = {Cryptology {ePrint} Archive, Paper 2015/1233},
      year = {2015},
      url = {https://eprint.iacr.org/2015/1233}
}


@book{Silverman:EC,
      author        = "Silverman, Joseph H",
      title         = "{The Arithmetic of Elliptic Curves}",
      publisher     = "Springer",
      address       = "Dordrecht",
      series        = "Graduate texts in mathematics",
      year          = "2009",
      url           = "https://cds.cern.ch/record/1338326",
      doi           = "10.1007/978-0-387-09494-6",
}

@article{LEPREVOST2005225,
title = {Generating anomalous elliptic curves},
journal = {Information Processing Letters},
volume = {93},
number = {5},
pages = {225-230},
year = {2005},
issn = {0020-0190},
doi = {https://doi.org/10.1016/j.ipl.2004.11.008},
url = {https://www.sciencedirect.com/science/article/pii/S0020019004003527},
author = {Franck Leprévost and Jean Monnerat and Sébastien Varrette and Serge Vaudenay},
keywords = {Elliptic curve, Discrete logarithm problem, Trace of Frobenius, Complex multiplication, Anomalous curve, Cryptography},
abstract = {In 1999, Smart has shown how to solve in linear time ECDLP for elliptic curves of trace 1 defined over a prime finite field Fp, the so-called anomalous elliptic curves. In this article, we show how to construct such cryptographically weak curves for primes p of industrial length, using complex multiplication theory.}
}

@article{Sala_2024,
   title={Group structure of elliptic curves over {$\mathbb{Z}$}/{N}{$\mathbb{Z}$}},
   volume={18},
   ISSN={1862-2984},
   url={http://dx.doi.org/10.1515/jmc-2023-0025},
   DOI={10.1515/jmc-2023-0025},
   number={1},
   journal={Journal of Mathematical Cryptology},
   publisher={Walter de Gruyter GmbH},
   author={Sala, Massimiliano and Taufer, Daniele},
   year={2024},
   month=jan }


@Book{Serre-CL, 
  author        = {Jean-Pierre Serre},
  title         = {Corps locaux},
  publisher     = {Hermann},
  year          = {2004},
  ISSN={0365-6861},
  ISBN = {9782705612962}	
}

@ARTICLE{Sma99,
  author = {N.P. Smart},
  title = {{The discrete logarithm problem on elliptic curves of trace one}},
  year = {1999},
  journal={J. Cryptology},
  volume = {12},
  pages = {193-196},
}

@MASTERSTHESIS{Hofman,
 author = { Hofman S. J.},
 title = {The Discrete Logarithm Problem on Anomalous Elliptic Curves},
 school = {University of Groningen},
 year = {2020},
 type={Bachelor's Thesis}
}
